@article{forivsektheoretical,
  title={Theoretical and Practical Aspects of Programming Contest Ratings},
  author={Fori{\v{s}}ek, RNDr Michal},
  publisher={Citeseer},
  year={2009}
}

@misc{TopCoder,
  title = {TopCoder Algorithm Rating System},
  howpublished = {http://cshelp.wpengine.com/data-science/srm-and-mm-rating-systems/algorithm-rating-system},
}

@misc{Codeforces,
  title = {Codeforces},
  howpublished = {http://codeforces.com/blog/entry/20762},
}

@article{glicko,
  title={Parameter estimation in large dynamic paired comparison experiments},
  author={Glickman, Mark E},
  journal={Applied Statistics},
  pages={377--394},
  year={1999},
  publisher={JSTOR}
}